@online{euronics,
    author = "Euronics España.",
    title = "¿Qué tipos de videojuegos existen? Clasificación y diferencias",
    url  = "https://www.euronics.es/blog/que-tipos-de-videojuegos-existen-clasificacion-y-diferencias/",
}

